@Article{BarnettSD,
author = {Stephen Barnett, Stig Stenholm},
title = {Spectral decomposition of the Lindblad operator},
journal = {Journal of Modern Optics},
year = {2000},
OPTkey = {•},
OPTvolume = {•},
OPTnumber = {•},
OPTpages = {•},
OPTmonth = {•},
OPTnote = {•},
OPTannote = {•}
}


@Book{ArfkenMM,
author = {George B. Arfken},
editor = {•},
title = {Mathematical Methods for Physicists, Seventh Edition: A Comprehensive Guide },
publisher = {Academic Press},
year = {•},
OPTkey = {•},
OPTvolume = {•},
OPTnumber = {•},
OPTseries = {•},
OPTaddress = {•},
OPTedition = {•},
OPTmonth = {•},
OPTnote = {•},
OPTannote = {•}
}


@Book{ZollerQN,
author = {Peter Zoller},
ALTeditor = {•},
title = {Quantum Noise:A Handbook of Markovian and Non-Markovian Quantum Stochastic Methods with Applications to Quantum Optics},
publisher = {Springer Science and Business Media},
year = {2004},
OPTkey = {•},
OPTvolume = {•},
OPTnumber = {•},
OPTseries = {•},
OPTaddress = {•},
OPTedition = {•},
OPTmonth = {•},
OPTnote = {•},
OPTannote = {•}
}

@Book{SakuraiQM,
author = {J. J. Sakurai, Jim Napolitano},
ALTeditor = {•},
title = {Modern Quantum Mechanics},
publisher = {Pearson},
year = {2013},
OPTkey = {•},
OPTvolume = {•},
OPTnumber = {•},
OPTseries = {•},
OPTaddress = {•},
OPTedition = {•},
OPTmonth = {•},
OPTnote = {•},
OPTannote = {•}
}

@Book{WardFT,
author = {M. Ward},
ALTeditor = {•},
title = {Supplement: Floquet Theory and the Mathieu's Equation },
publisher = {•},
year = {•},
OPTkey = {•},
OPTvolume = {•},
OPTnumber = {•},
OPTseries = {•},
OPTaddress = {•},
OPTedition = {•},
OPTmonth = {•},
OPTnote = {•},
OPTannote = {•}
}

@Article{EnglertDB,
author = {Hans-Jurgen Briegel, Berthold-Georg Englert},
title = {Quantum optical master equations: The use of damping bases},
journal = {PHYSICAL REVIEW A},
year = {1993},
OPTkey = {•},
OPTvolume = {•},
OPTnumber = {•},
OPTpages = {•},
OPTmonth = {•},
OPTnote = {•},
OPTannote = {•}
}

@Book{HanngiDQS,
author = {W.Domcke, P. H\"{a}nggi and D. Tannor},
editor = {•},
title = {Driven Quantum Systems},
publisher = {Special Issue: Chemical Physics, Vol. 217 },
year = {1997},
OPTkey = {•},
OPTvolume = {•},
OPTnumber = {•},
OPTseries = {•},
OPTaddress = {•},
OPTedition = {•},
OPTmonth = {•},
OPTnote = {•},
OPTannote = {•}
}

@Article{HanngiFM,
author = {Sigmund Kohler, Thomas Dittrich† , Peter H\"{a}nggi
},
title = {Floquet-Markov description of the parametrically driven,
dissipative harmonic quantum oscillator
},
journal = {Phys.Rev. E55},
year = {30 Sep 1998},
OPTkey = {•},
OPTvolume = {•},
OPTnumber = {•},
OPTpages = {•},
OPTmonth = {•},
OPTnote = {•},
OPTannote = {•}
}

